@article{koshino2012,
  title = {Energy spectrum and quantum Hall effect in twisted bilayer graphene},
  author = {Moon, Pilkyung and Koshino, Mikito},
  journal = {Phys. Rev. B},
  volume = {85},
  issue = {19},
  pages = {195458},
  numpages = {9},
  year = {2012},
  month = {May},
  publisher = {American Physical Society},
  doi = {10.1103/PhysRevB.85.195458},
  url = {https://link.aps.org/doi/10.1103/PhysRevB.85.195458}
}

@article{geim2009,
  title = {The electronic properties of graphene},
  author = {Castro Neto, A. H. and Guinea, F. and Peres, N. M. R. and Novoselov, K. S. and Geim, A. K.},
  journal = {Rev. Mod. Phys.},
  volume = {81},
  issue = {1},
  pages = {109--162},
  numpages = {0},
  year = {2009},
  month = {Jan},
  publisher = {American Physical Society},
  doi = {10.1103/RevModPhys.81.109},
  url = {https://link.aps.org/doi/10.1103/RevModPhys.81.109}
}

@inbook{handbook2019,
    author = {Catarina, Gonçalo and Amorim, Bruno and Castro, Eduardo V. and Lopes, João M. V. P. and Lopes, João M. V. P. and Peres, Nuno},
    publisher = {John Wiley & Sons, Ltd},
    isbn = {9781119468455},
    title = {Twisted Bilayer Graphene: Low-Energy Physics, Electronic and Optical Properties},
    booktitle = {Handbook of Graphene Set},
    chapter = {6},
    pages = {177-231},
    doi = {https://doi.org/10.1002/9781119468455.ch44},
    url = {https://onlinelibrary.wiley.com/doi/abs/10.1002/9781119468455.ch44},
    eprint = {https://onlinelibrary.wiley.com/doi/pdf/10.1002/9781119468455.ch44},
    year = {2019},
    keywords = {van der Waals heterostructures, twisted bilayer graphene, low-energy model, van Hove singularities, optical conductivity, graphene surface plasmon–polaritons},
    abstract = {Abstract This chapter contains sections titled: Introduction Basics of Monolayer and Bilayer Graphene Twisted Bilayer Graphene Optical Response Conclusions and Future Work Acknowledgment}
}
